@misc{ wiki:bsm,
   author = "Wikipedia",
   title = {{Business Service Management --- Wikipedia{,} Die freie Enzyklopädie}},
   year = "2011",
   url = "\url{http://de.wikipedia.org/w/index.php?title=Business_Service_Management&oldid=96861954}",
   howpublished = "\url{http://de.wikipedia.org/w/index.php?title=Business_Service_Management&oldid=96861954}",
   note = "[Online; Stand 11. Februar 2013]"
}

@misc{ forrester:bsm,
   author = {{Peter O'Neill, Thomas Mendel et al.}},
   title = {{BSM Is Coming Of Age: Time To Define What It Is}},
   year = "2006",
   url = "\url{http://www.ktsl.com/downloads/forrester_bsm_definition_whitepaper.pdf}",
   howpublished = "\url{http://www.ktsl.com/downloads/forrester_bsm_definition_whitepaper.pdf}",
   note = "[Online; Stand 11. Februar 2013]"
}

@misc{ forrester:implementingBsm,
   author = {{Thomas Mendel, Peter O'Neill et al.}},
   title = {{Implementing BSM}},
   year = "2006",
   url = "\url{http://www.ktsl.com/downloads/forrester_bsm_definition_whitepaper.pdf}",
   howpublished = "\url{http://www.ktsl.com/downloads/forrester_bsm_definition_whitepaper.pdf}",
   note = "[Online; Stand 11. Februar 2013]"
}

@misc{ forrester:slaBestPractices,
   author = {{Jean-Pierre Garbani}},
   title = {{Best Practices For Service-Level Management}},
   year = "2004",
   url = "\url{http://i.zdnet.com/whitepapers/Forr051103489400.pdf}",
   howpublished = "\url{http://i.zdnet.com/whitepapers/Forr051103489400.pdf}",
   note = "[Online; Stand 11. Februar 2013]"
}

@misc{ ibm:wslaSpec,
   author = {{Heiko Ludwig et al.}},
   title = {{Web Service Level Agreement (WSLA) Language Specification}},
   year = "2003",
   url = "\url{http://www.research.ibm.com/wsla/WSLASpecV1-20030128.pdf}",
   howpublished = "\url{http://www.research.ibm.com/wsla/WSLASpecV1-20030128.pdf}",
   note = "[Online; Stand 11. Februar 2013]"
}

@article{ ibm:wslaPaper,
   author = {{Alexander Keller und Heiko Ludwig}},
   title = {{The WSLA Framework: Specifying and Monitoring Service Level Agreements for Web Services}},
   journal = {{Journal of Network and Systems Management}},
   volume = "11",
   number = "1",
   month = "November 2003"
   publisher={Plenum Publishing Corporation}
   year = "2003",
   url = "\url{http://clip.dia.fi.upm.es/Projects/S-CUBE/papers/keller03:wsla_framework.pdf}",
   howpublished = "\url{http://clip.dia.fi.upm.es/Projects/S-CUBE/papers/keller03:wsla_framework.pdf}",
   note = "[Online; Stand 11. Februar 2013]"
}

@misc{ wiki:uddi,
   author = "Wikipedia",
   title = {{Universal Description Discovery and Integration --- Wikipedia{,} The Free Encyclopedia}},
   year = "2013",
   url = "\url{http://en.wikipedia.org/w/index.php?title=Universal_Description_Discovery_and_Integration&oldid=533009051}",
   note = "[Online; Stand 11. Februar 2013]"
}

@misc{ wiki:soap,
   author = "Wikipedia",
   title = {{SOAP --- Wikipedia{,} The Free Encyclopedia}},
   year = "2013",
   url = "\url{http://en.wikipedia.org/w/index.php?title=SOAP&oldid=535478625}",
   howpublished = "\url{http://en.wikipedia.org/w/index.php?title=SOAP&oldid=535478625}",
   note = "[Online; Stand 11. Februar 2013]"
 }
 
@misc{ wiki:wsdl,
   author = "Wikipedia",
   title = {{Web Services Description Language --- Wikipedia{,} The Free Encyclopedia}},
   year = "2012",
   url = "\url{http://en.wikipedia.org/w/index.php?title=Web_Services_Description_Language&oldid=530280073}",
   howpublished = "\url{http://en.wikipedia.org/w/index.php?title=Web_Services_Description_Language&oldid=530280073}",
   note = "[Online; Stand 11. Februar 2013]"
}

 @misc{ wiki:ariba,
   author = "Wikipedia",
   title = {{Ariba --- Wikipedia{,} The Free Encyclopedia}},
   year = "2013",
   url = "\url{http://en.wikipedia.org/w/index.php?title=Ariba&oldid=537869636}",
   howpublished = "\url{http://en.wikipedia.org/w/index.php?title=Ariba&oldid=537869636}",
   note = "[Online; Stand 12. Februar 2013]"
 }
 
 @misc{ wiki:commerceone,
   author = "Wikipedia",
   title = {{Commerce One --- Wikipedia{,} The Free Encyclopedia}},
   year = "2013",
   url = "\url{http://en.wikipedia.org/w/index.php?title=Commerce_One&oldid=533102537}",
   howpublished = "\url{http://en.wikipedia.org/w/index.php?title=Commerce_One&oldid=533102537}",
   note = "[Online; Stand 12. Februar 2013]"
 }
 
@BOOK{EllisKauferstein200311,
title={{Dienstleistungsmanagement: Erfolgreicher Einsatz von prozessorientiertem Service Level Management (German Edition)}},
author={{Avy Ellis und Michael Kauferstein}},
publisher={Springer},
year={2003},
month={11},
edition={2004},
isbn={9783540405856},
url={http://amazon.com/o/ASIN/3540405852/},
price={$79.95},
totalpages={228},
timestamp={2013.02.11},
}

@BOOK{Bichler200106,
title={{The Future of e-Markets: Multidimensional Market Mechanisms}},
author={{Martin Bichler}},
publisher={Cambridge University Press},
year={2001},
month={6},
edition={1},
isbn={9780521003834},
url={http://amazon.com/o/ASIN/0521003830/},
price={$55.00},
totalpages={264},
timestamp={2013.02.12},
}

@article{Strobel:2001:DRP:593916.593929,
 author = {Str\"{o}bel, Michael},
 title = {{Design of Roles and Protocols for Electronic Negotiations}},
 issue_date = {July 2001},
 volume = {1},
 number = {3},
 month = jul,
 year = {2001},
 issn = {1389-5753},
 pages = {335--353},
 numpages = {19},
 url = {http://dx.doi.org/10.1023/A:1011554323604},
 doi = {10.1023/A:1011554323604},
 acmid = {593929},
 publisher = {Kluwer Academic Publishers},
 address = {Norwell, MA, USA},
 keywords = {application framework, electronic commerce, electronic negotiation, market design},
} 

@MISC{Stroebel00aframework,
    author = {Michael Ströbel},
    title = {{A Framework for Electronic Negotiations Based on Adjusted-Winner Mediation}},
    year = {2000}
}

 @misc{ wiki:ebxml,
   author = "Wikipedia",
   title = {{ebXML --- Wikipedia{,} The Free Encyclopedia}},
   year = "2013",
   url = "\url{http://en.wikipedia.org/w/index.php?title=EbXML&oldid=531633145}",
   howpublished = "\url{http://en.wikipedia.org/w/index.php?title=EbXML&oldid=531633145}",
   note = "[Online; Stand 12. Februar 2013]"
 }
 
  @misc{ wiki:etom,
   author = "Wikipedia",
   title = {{Enhanced Telecom Operations Map --- Wikipedia{,} The Free Encyclopedia}},
   year = "2012",
   url = "\url{http://en.wikipedia.org/w/index.php?title=Enhanced_Telecom_Operations_Map&oldid=529955241}",
   howpublished = "\url{http://en.wikipedia.org/w/index.php?title=Enhanced_Telecom_Operations_Map&oldid=529955241}",
   note = "[Online; Stand 12. Februar 2013]"
 }
 
  @misc{ rfc2758,
   author = "Kenneth D. White",
   title = {{ Definitions of Managed Objects for Service Level Agreements Performance Monitoring}},
   year = "2000",
   url = "\url{http://tools.ietf.org/html/rfc2758}",
   howpublished = "\url{http://tools.ietf.org/html/rfc2758}",
   note = "[Online; Stand 12. Februar 2013]"
 }
 
  @misc{ wiki:sla,
   author = "Wikipedia",
   title = {{Service-level agreement --- Wikipedia{,} The Free Encyclopedia}},
   year = "2013",
   url = "\url{http://en.wikipedia.org/w/index.php?title=Service-level_agreement&oldid=535847949}",
   howpublished = "\url{http://en.wikipedia.org/w/index.php?title=Service-level_agreement&oldid=535847949}",
   note = "[Online; Stand 12. Februar 2013]"
 }
 
@misc{ wiki:stdev,
   author = "Wikipedia",
   title = {{Standard deviation --- Wikipedia{,} The Free Encyclopedia}},
   year = "2013",
   url = "\url{http://en.wikipedia.org/w/index.php?title=Standard_deviation&oldid=537713485}",
   howpublished = "\url{http://en.wikipedia.org/w/index.php?title=Standard_deviation&oldid=537713485}",
   note = "[Online; Stand 12. Februar 2013]"
 }
 
@misc{ wiki:sixsigma,
   author = "Wikipedia",
   title = "Six Sigma --- Wikipedia{,} The Free Encyclopedia",
   year = "2013",
   url = "\url{http://en.wikipedia.org/w/index.php?title=Six_Sigma&oldid=537707096}",
   howpublished = "\url{http://en.wikipedia.org/w/index.php?title=Six_Sigma&oldid=537707096}",
   note = "[Online; Stand 12. Februar 2013]"
 }
 
 @misc{ wiki:servicecatalog,
   author = "Wikipedia",
   title = {{Service catalog --- Wikipedia{,} The Free Encyclopedia}},
   year = "2013",
   url = "\url{http://en.wikipedia.org/w/index.php?title=Service_catalog&oldid=535123491}",
   howpublished = "\url{http://en.wikipedia.org/w/index.php?title=Service_catalog&oldid=535123491}",
   note = "[Online; Stand 12. Februar 2013]"
 }
 
 @BOOK{FloresFineDuMoulin200703,
title={{Defining IT Success through the Service Catalog (Pink Elephant Guides)}},
author={{Rodrigo Flores and Bill Fine and Troy DuMoulin}},
publisher={{Van Haren Publishing}},
year={2007},
month={3},
edition={1st},
isbn={9789077212967},
url={http://amazon.com/o/ASIN/9077212965/},
price={$65.00},
totalpages={126},
timestamp={2013.02.12},
}

 @misc{ troysblog,
   author = "Troy DuMoulin",
   title = {{Troy's Blog. The Hitch Hiker's Guide to the ITIL Galaxy and beyond. IT Service Catalog Examples}},
   year = "2010",
   url = "\url{http://blogs.pinkelephant.com/index.php/troy/comments/it_service_catalog_examples/}",
   howpublished = "\url{http://blogs.pinkelephant.com/index.php/troy/comments/it_service_catalog_examples/}",
   note = "[Online; Stand 12. Februar 2013]"
 }

 @misc{ purdue,
   author = {{Purdue University -- Information Technology}},
   title = {{ITaP Service Catalog}},
   year = "2013",
   url = "\url{http://www.itap.purdue.edu/service/catalog/}",
   howpublished = "\url{http://www.itap.purdue.edu/service/catalog/}",
   note = "[Online; Stand 12. Februar 2013]"
 }

 @misc{ stephenmann,
   author = {{Stephen Mann}},
   title = {{Getting A Service Catalog: So Much More Than Buying A Tool!}},
   year = "2012",
   url = "\url{http://blogs.forrester.com/stephen_mann/12-07-11-getting_a_service_catalog_so_much_more_than_buying_a_tool}",
   howpublished = "\url{http://blogs.forrester.com/stephen_mann/12-07-11-getting_a_service_catalog_so_much_more_than_buying_a_tool}",
   note = "[Online; Stand 12. Februar 2013]"
 }
 
 @misc{ skeptic,
   author = {{Rob England}},
   title = {{ITIL's dead elephant: CMDB can't be done}},
   year = "2012",
   url = "\url{http://www.itskeptic.org/itil-cmdb-skeptic}",
   howpublished = "\url{http://www.itskeptic.org/itil-cmdb-skeptic}",
   note = "[Online; Stand 12. Februar 2013]"
 }

 http://www.itskeptic.org/itil-cmdb-skeptic

@BOOK{Finkeissen200001,
title={{Prozess-Wertschöpfung}},
author={{Alexander Finkeissen}},
publisher={Books On Demand},
year={2000},
month={1},
isbn={9783898114356},
url={http://amazon.com/o/ASIN/389811435X/},
price={$64.90},
totalpages={272},
timestamp={2013.02.13},
}